@book{AhrendtsFabian2008Il:w,
series = "Xpert.press",
publisher = "Springer",
isbn = "978-3-540-30024-3",
year = "2008",
title = "IT-Risikomanagement leben! : wirkungsvolle Umsetzung f√ºr Projekte in der Softwareentwicklung",
language = "ger",
address = "Berlin",
author = "Ahrendts, Fabian",
keywords = "MANAGEMENT VON COMPUTER- UND INFORMATIONSSYSTEMEN: 004*01*07$$8ger",
}


